@article{DBLP:journals/corr/abs-1211-5063,
  author    = {Razvan Pascanu and
               Tomas Mikolov and
               Yoshua Bengio},
  title     = {Understanding the exploding gradient problem},
  journal   = {CoRR},
  volume    = {abs/1211.5063},
  year      = {2012},
  url       = {http://arxiv.org/abs/1211.5063},
  archivePrefix = {arXiv},
  eprint    = {1211.5063},
  timestamp = {Wed, 07 Jun 2017 14:40:40 +0200},
  biburl    = {https://dblp.org/rec/bib/journals/corr/abs-1211-5063},
  bibsource = {dblp computer science bibliography, https://dblp.org}
}

@article{lukovsevivcius2009reservoir,
  title={Reservoir computing approaches to recurrent neural network training},
  author={Luko{\v{s}}evi{\v{c}}ius, Mantas and Jaeger, Herbert},
  journal={Computer Science Review},
  volume={3},
  number={3},
  pages={127--149},
  year={2009},
  publisher={Elsevier}
}

@article{elman1990finding,
  title={Finding structure in time},
  author={Elman, Jeffrey L},
  journal={Cognitive science},
  volume={14},
  number={2},
  pages={179--211},
  year={1990},
  publisher={Wiley Online Library}
}



@article{funahashi1993approximation,
  title={Approximation of dynamical systems by continuous time recurrent neural networks},
  author={Funahashi, Ken-ichi and Nakamura, Yuichi},
  journal={Neural networks},
  volume={6},
  number={6},
  pages={801--806},
  year={1993},
  publisher={Elsevier}
}
@article{werbos1988generalization,
  title={Generalization of backpropagation with application to a recurrent gas market model},
  author={Werbos, Paul J},
  journal={Neural networks},
  volume={1},
  number={4},
  pages={339--356},
  year={1988},
  publisher={Elsevier}
}

@inproceedings{doya1992bifurcations,
  title={Bifurcations in the learning of recurrent neural networks},
  author={Doya, Kenji},
  booktitle={Circuits and Systems, 1992. ISCAS'92. Proceedings., 1992 IEEE International Symposium on},
  volume={6},
  pages={2777--2780},
  year={1992},
  organization={IEEE}
}

@article{maass2002real,
  title={Real-time computing without stable states: A new framework for neural computation based on perturbations},
  author={Maass, Wolfgang and Natschl{\"a}ger, Thomas and Markram, Henry},
  journal={Neural computation},
  volume={14},
  number={11},
  pages={2531--2560},
  year={2002},
  publisher={MIT Press}
}
@article{jaeger2001echo,
  title={The echo state approach to analysing and training recurrent neural networks-with an erratum note},
  author={Jaeger, Herbert},
  journal={Bonn, Germany: German National Research Center for Information Technology GMD Technical Report},
  volume={148},
  number={34},
  pages={13},
  year={2001}
}

@inproceedings{Maass:2002:MRC:2968618.2968647,
 author = {Maass, Wolfgang and Natschl\"{a}ger, Thomas and Markram, Henry},
 title = {A Model for Real-time Computation in Generic Neural Microcircuits},
 booktitle = {Proceedings of the 15th International Conference on Neural Information Processing Systems},
 series = {NIPS'02},
 year = {2002},
 pages = {229--236},
 numpages = {8},
 url = {http://dl.acm.org/citation.cfm?id=2968618.2968647},
 acmid = {2968647},
 publisher = {MIT Press},
 address = {Cambridge, MA, USA},
} 


@incollection{natschlager2003computer,
  title={Computer models and analysis tools for neural microcircuits},
  author={Natschl{\"a}ger, Thomas and Markram, Henry and Maass, Wolfgang},
  booktitle={Neuroscience Databases},
  pages={123--138},
  year={2003},
  publisher={Springer}
}

@article{maass2004computational,
  title={Computational models for generic cortical microcircuits},
  author={Maass, Wolfgang and Natschl{\"a}ger, Thomas and Markram, Henry},
  journal={Computational neuroscience: A comprehensive approach},
  volume={18},
  pages={575},
  year={2004},
  publisher={ch}
}

@article{verstraeten2007experimental,
  title={An experimental unification of reservoir computing methods},
  author={Verstraeten, David and Schrauwen, Benjamin and d\"Haene, Michiel and Stroobandt, Dirk},
  journal={Neural networks},
  volume={20},
  number={3},
  pages={391--403},
  year={2007},
  publisher={Elsevier}
}

@article{atiya2000new,
  title={New results on recurrent network training: unifying the algorithms and accelerating convergence},
  author={Atiya, Amir F and Parlos, Alexander G},
  journal={IEEE transactions on neural networks},
  volume={11},
  number={3},
  pages={697--709},
  year={2000},
  publisher={IEEE}
}


@article{Williams:1989:LAC:1351124.1351135,
 author = {Williams, Ronald J. and Zipser, David},
 title = {A Learning Algorithm for Continually Running Fully Recurrent Neural Networks},
 journal = {Neural Comput.},
 issue_date = {Summer 1989},
 volume = {1},
 number = {2},
 month = jun,
 year = {1989},
 issn = {0899-7667},
 pages = {270--280},
 numpages = {11},
 url = {http://dx.doi.org/10.1162/neco.1989.1.2.270},
 doi = {10.1162/neco.1989.1.2.270},
 acmid = {1351135},
 publisher = {MIT Press},
 address = {Cambridge, MA, USA},
} 

@incollection{Rumelhart:1986:LIR:104279.104293,
 author = {Rumelhart, D. E. and Hinton, G. E. and Williams, R. J.},
 chapter = {Learning Internal Representations by Error Propagation},
 title = {Parallel Distributed Processing: Explorations in the Microstructure of Cognition, Vol. 1},
 editor = {Rumelhart, David E. and McClelland, James L. and PDP Research Group, CORPORATE},
 booktitle = {Parallel Distributed Processing},
 year = {1986},
 isbn = {0-262-68053-X},
 pages = {318--362},
 numpages = {45},
 url = {http://dl.acm.org/citation.cfm?id=104279.104293},
 acmid = {104293},
 publisher = {MIT Press},
 address = {Cambridge, MA, USA},
} 

@article{rumelhart1986learning,
  title={Learning representations by back-propagating errors},
  author={Rumelhart, David E and Hinton, Geoffrey E and Williams, Ronald J},
  journal={nature},
  volume={323},
  number={6088},
  pages={533},
  year={1986},
  publisher={Nature Publishing Group}
}


@article{werbos1990backpropagation,
  title={Backpropagation through time: what it does and how to do it},
  author={Werbos, Paul J},
  journal={Proceedings of the IEEE},
  volume={78},
  number={10},
  pages={1550--1560},
  year={1990},
  publisher={IEEE}
}
@inproceedings{toomarian1991adjoint,
  title={Adjoint-functions and temporal learning algorithms in neural networks},
  author={Toomarian, N and Barhen, Jacob},
  booktitle={Advances in neural information processing systems},
  pages={113--120},
  year={1991}
}
@article{toomarian1992learning,
  title={Learning a trajectory using adjoint functions and teacher forcing},
  author={Toomarian, Nikzad Benny and Barhen, Jacob},
  journal={Neural Networks},
  volume={5},
  number={3},
  pages={473--484},
  year={1992},
  publisher={Elsevier}
}
@inproceedings{sun1992green,
  title={Green\'s function method for fast on-line learning algorithm of recurrent neural networks},
  author={Sun, Guo-Zheng and Chen, Hsing-Hen and Lee, Yee-Chun},
  booktitle={Advances in neural information processing systems},
  pages={333--340},
  year={1992}
}
@article{schmidhuber1992fixed,
  title={A fixed size storage O (n 3) time complexity learning algorithm for fully recurrent continually running networks},
  author={Schmidhuber, J{\"u}rgen},
  journal={Neural Computation},
  volume={4},
  number={2},
  pages={243--248},
  year={1992},
  publisher={MIT Press}
}
@article{williams1995gradient,
  title={Gradient-based learning algorithms for recurrent networks and their computational complexity},
  author={Williams, Ronald J and Zipser, David},
  journal={Backpropagation: Theory, architectures, and applications},
  volume={1},
  pages={433--486},
  year={1995},
  publisher={Lawrence Erlbaum Publ}
}
@techreport{williams1989complexity,
  title={Complexity of exact gradient computation algorithms for recurrent neural networks},
  author={Williams, Ronald J},
  year={1989},
  institution={Technical Report Technical Report NU-CCS-89-27, Boston: Northeastern University, College of Computer Science}
}
@article{puskorius1994neurocontrol,
  title={Neurocontrol of nonlinear dynamical systems with Kalman filter trained recurrent networks},
  author={Puskorius, Gintaras V and Feldkamp, Lee A},
  journal={IEEE Transactions on neural networks},
  volume={5},
  number={2},
  pages={279--297},
  year={1994},
  publisher={IEEE}
}
@article{ma1998fast,
  title={Fast training of recurrent networks based on the EM algorithm},
  author={Ma, Sheng and Ji, Chuanyi},
  journal={IEEE Transactions on Neural Networks},
  volume={9},
  number={1},
  pages={11--26},
  year={1998},
  publisher={IEEE}
}
@inproceedings{goudarzi2016reservoir,
  title={Reservoir Computing: Quo Vadis?},
  author={Goudarzi, Alireza and Teuscher, Christof},
  booktitle={Proceedings of the 3rd ACM International Conference on Nanoscale Computing and Communication},
  pages={13},
  year={2016},
  organization={ACM}
}


@article{DBLP:journals/corr/GoudarziMBFTS16,
  author    = {Alireza Goudarzi and
               Sarah Marzen and
               Peter Banda and
               Guy Feldman and
               Christof Teuscher and
               Darko Stefanovic},
  title     = {Memory and Information Processing in Recurrent Neural Networks},
  journal   = {CoRR},
  volume    = {abs/1604.06929},
  year      = {2016},
  url       = {http://arxiv.org/abs/1604.06929},
  archivePrefix = {arXiv},
  eprint    = {1604.06929},
  timestamp = {Sun, 24 Sep 2017 15:26:06 +0200},
  biburl    = {https://dblp.org/rec/bib/journals/corr/GoudarziMBFTS16},
  bibsource = {dblp computer science bibliography, https://dblp.org}
}

@phdthesis{melandriintroduction,
  title={Introduction to Reservoir Computing Methods},
  year={2013},
  school={Universita di Bologna},
  author={Melandri, Luca}
}
@article{steil2006online,
  title={Online stability of backpropagation--decorrelation recurrent learning},
  author={Steil, Jochen J},
  journal={Neurocomputing},
  volume={69},
  number={7-9},
  pages={642--650},
  year={2006},
  publisher={Elsevier}
}


@MastersThesis{Schaetti2015,
    author     =     {Schaetti, Nils},
    title     =     {{Reservoir Computing : Etude theorique et pratique en reconnaissance de chiffres manuscrits}},
    school     =     {Universite de Franche-Comte},
    year     =     {2015},
    month = {09},
    }
    
@inproceedings{schrauwen2009computational,
  title={On computational power and the order-chaos phase transition in reservoir computing},
  author={Schrauwen, Benjamin and B{\"u}sing, Lars and Legenstein, Robert A},
  booktitle={Advances in Neural Information Processing Systems},
  pages={1425--1432},
  year={2009}
}


@article{cui2012architecture,
  title={The architecture of dynamic reservoir in the echo state network},
  author={Cui, Hongyan and Liu, Xiang and Li, Lixiang},
  journal={Chaos: An Interdisciplinary Journal of Nonlinear Science},
  volume={22},
  number={3},
  pages={033127},
  year={2012},
  publisher={AIP}
}


@article{buehner2006tighter,
  title={A tighter bound for the echo state property},
  author={Buehner, Michael and Young, Peter},
  journal={IEEE Transactions on Neural Networks},
  volume={17},
  number={3},
  pages={820--824},
  year={2006},
  publisher={IEEE}
}

@incollection{lukovsevivcius2012practical,
  title={A practical guide to applying echo state networks},
  author={Luko{\v{s}}evi{\v{c}}ius, Mantas},
  booktitle={Neural networks: Tricks of the trade},
  pages={659--686},
  year={2012},
  publisher={Springer}
}

@inproceedings{triefenbach2010phoneme,
  title={Phoneme recognition with large hierarchical reservoirs},
  author={Triefenbach, Fabian and Jalalvand, Azarakhsh and Schrauwen, Benjamin and Martens, Jean-Pierre},
  booktitle={Advances in neural information processing systems},
  pages={2307--2315},
  year={2010}
}

@inproceedings{jaeger2003adaptive,
  title={Adaptive nonlinear system identification with echo state networks},
  author={Jaeger, Herbert},
  booktitle={Advances in neural information processing systems},
  pages={609--616},
  year={2003}
}

@article{liebald2004exploration,
  title={Exploration of effects of different network topologies on the ESN signal crosscorrelation matrix spectrum},
  author={Liebald, Benjamin},
  journal={Bachelor of Science (B. Sc.) thesis, International University Bremen, spring},
  year={2004}
}

@article{farkavs2016computational,
  title={Computational analysis of memory capacity in echo state networks},
  author={Farka{\v{s}}, Igor and Bos{\'a}k, Radom{\'\i}r and Gergel', Peter},
  journal={Neural Networks},
  volume={83},
  pages={109--120},
  year={2016},
  publisher={Elsevier}
}

@article{mehrkanoon2015learning,
  title={Learning solutions to partial differential equations using LS-SVM},
  author={Mehrkanoon, Siamak and Suykens, Johan AK},
  journal={Neurocomputing},
  volume={159},
  pages={105--116},
  year={2015},
  publisher={Elsevier}
}

@article{mohanty2005unconditionally,
  title={An unconditionally stable finite difference formula for a linear second order one space dimensional hyperbolic equation with variable coefficients},
  author={Mohanty, RK},
  journal={Applied Mathematics and Computation},
  volume={165},
  number={1},
  pages={229--236},
  year={2005},
  publisher={Elsevier}
}
@article{abushama2008modified,
  title={Modified nodal cubic spline collocation for Poisson's equation},
  author={Abushama, Abeer Ali and Bialecki, Bernard},
  journal={SIAM Journal on Numerical Analysis},
  volume={46},
  number={1},
  pages={397--418},
  year={2008},
  publisher={SIAM}
}
@article{kumar2010methods,
  title={Methods for solving singular boundary value problems using splines: a review},
  author={Kumar, Manoj and Gupta, Yogesh},
  journal={Journal of Applied Mathematics and Computing},
  volume={32},
  number={1},
  pages={265--278},
  year={2010},
  publisher={Springer}
}




@article{ramuhalli2005finite,
  title={Finite-element neural networks for solving differential equations},
  author={Ramuhalli, Pradeep and Udpa, Lalita and Udpa, Satish S},
  journal={IEEE transactions on neural networks},
  volume={16},
  number={6},
  pages={1381--1392},
  year={2005},
  publisher={IEEE}
}

@article{mcfall2009artificial,
  title={Artificial neural network method for solution of boundary value problems with exact satisfaction of arbitrary boundary conditions},
  author={McFall, Kevin Stanley and Mahan, James Robert},
  journal={IEEE Transactions on Neural Networks},
  volume={20},
  number={8},
  pages={1221--1233},
  year={2009},
  publisher={IEEE}
}
@article{tsoulos2009solving,
  title={Solving differential equations with constructed neural networks},
  author={Tsoulos, Ioannis G and Gavrilis, Dimitris and Glavas, Euripidis},
  journal={Neurocomputing},
  volume={72},
  number={10-12},
  pages={2385--2391},
  year={2009},
  publisher={Elsevier}
}

@article{lagaris1998artificial,
  title={Artificial neural networks for solving ordinary and partial differential equations},
  author={Lagaris, Isaac E and Likas, Aristidis and Fotiadis, Dimitrios I},
  journal={IEEE Transactions on Neural Networks},
  volume={9},
  number={5},
  pages={987--1000},
  year={1998},
  publisher={IEEE}
}
@article{beidokhti2009solving,
  title={Solving initial-boundary value problems for systems of partial differential equations using neural networks and optimization techniques},
  author={Beidokhti, R Shekari and Malek, A},
  journal={Journal of the Franklin Institute},
  volume={346},
  number={9},
  pages={898--913},
  year={2009},
  publisher={Elsevier}
}

@article{sobester2008genetic,
  title={Genetic programming approaches for solving elliptic partial differential equations},
  author={S{\'o}bester, Andr{\'a}s and Nair, Prasanth B and Keane, Andy J},
  journal={IEEE transactions on evolutionary computation},
  volume={12},
  number={4},
  pages={469--478},
  year={2008},
  publisher={IEEE}
}

@article{tsoulos2006solving,
  title={Solving differential equations with genetic programming},
  author={Tsoulos, Ioannis G and Lagaris, Isaac E},
  journal={Genetic Programming and Evolvable Machines},
  volume={7},
  number={1},
  pages={33--54},
  year={2006},
  publisher={Springer}
}
@article{nikolaev2003learning,
  title={Learning polynomial feedforward neural networks by genetic programming and backpropagation},
  author={Nikolaev, Nikolay Y and Iba, Hitoshi},
  journal={IEEE transactions on Neural Networks},
  volume={14},
  number={2},
  pages={337--350},
  year={2003},
  publisher={IEEE}
}
@article{taleei2014time,
  title={Time-splitting pseudo-spectral domain decomposition method for the soliton solutions of the one-and multi-dimensional nonlinear Schr{\"o}dinger equations},
  author={Taleei, Ameneh and Dehghan, Mehdi},
  journal={Computer Physics Communications},
  volume={185},
  number={6},
  pages={1515--1528},
  year={2014},
  publisher={Elsevier}
}

@article{dehghan2017application,
  title={Application of the dual reciprocity boundary integral equation approach to solve fourth-order time-fractional partial differential equations},
  author={Dehghan, Mehdi and Safarpoor, Mansour},
  journal={International Journal of Computer Mathematics},
  pages={1--16},
  year={2017},
  publisher={Taylor \& Francis}
}

@article{dehghan2010application,
  title={Application of the dual reciprocity boundary integral equation technique to solve the nonlinear Klein--Gordon equation},
  author={Dehghan, Mehdi and Ghesmati, Arezou},
  journal={Computer Physics Communications},
  volume={181},
  number={8},
  pages={1410--1418},
  year={2010},
  publisher={Elsevier}
}

@book{banerjee1981boundary,
  title={Boundary element methods in engineering science},
  author={Banerjee, Prasanta Kumar and Butterfield, Roy},
  volume={17},
  year={1981},
  publisher={McGraw-Hill London}
}

@article{shakeri2011finite,
  title={A finite volume spectral element method for solving magnetohydrodynamic (MHD) equations},
  author={Shakeri, Fatemeh and Dehghan, Mehdi},
  journal={Applied Numerical Mathematics},
  volume={61},
  number={1},
  pages={1--23},
  year={2011},
  publisher={Elsevier}
}
@article{piret2012orthogonal,
  title={The orthogonal gradients method: A radial basis functions method for solving partial differential equations on arbitrary surfaces},
  author={Piret, C{\'e}cile},
  journal={Journal of Computational Physics},
  volume={231},
  number={14},
  pages={4662--4675},
  year={2012},
  publisher={Elsevier}
}

@article{meade1994numerical,
  title={The numerical solution of linear ordinary differential equations by feedforward neural networks},
  author={Meade Jr, Andrew J and Fernandez, Alvaro A},
  journal={Mathematical and Computer Modelling},
  volume={19},
  number={12},
  pages={1--25},
  year={1994},
  publisher={Elsevier}
}
@article{choi2009comparison,
  title={Comparison of generalization ability on solving differential equations using backpropagation and reformulated radial basis function networks},
  author={Choi, Bumghi and Lee, Ju-Hong},
  journal={Neurocomputing},
  volume={73},
  number={1-3},
  pages={115--118},
  year={2009},
  publisher={Elsevier}
}
@article{shirvany2009multilayer,
  title={Multilayer perceptron neural networks with novel unsupervised training method for numerical solution of the partial differential equations},
  author={Shirvany, Yazdan and Hayati, Mohsen and Moradian, Rostam},
  journal={Applied Soft Computing},
  volume={9},
  number={1},
  pages={20--29},
  year={2009},
  publisher={Elsevier}
}


@article{khan2014survey,
  title={A survey: Image segmentation techniques},
  author={Khan, Muhammad Waseem},
  journal={International Journal of Future Computer and Communication},
  volume={3},
  number={2},
  pages={89},
  year={2014},
  publisher={IACSIT Press}
}
@inproceedings{bali2015review,
  title={A review on the strategies and techniques of image segmentation},
  author={Bali, Akanksha and Singh, Shailendra Narayan},
  booktitle={Advanced Computing \& Communication Technologies (ACCT), 2015 Fifth International Conference on},
  pages={113--120},
  year={2015},
  organization={IEEE}
}
@article{mumford1989optimal,
  title={Optimal approximations by piecewise smooth functions and associated variational problems},
  author={Mumford, David and Shah, Jayant},
  journal={Communications on pure and applied mathematics},
  volume={42},
  number={5},
  pages={577--685},
  year={1989},
  publisher={Wiley Online Library}
}

@article{osher1988fronts,
  title={Fronts propagating with curvature-dependent speed: algorithms based on Hamilton-Jacobi formulations},
  author={Osher, Stanley and Sethian, James A},
  journal={Journal of computational physics},
  volume={79},
  number={1},
  pages={12--49},
  year={1988},
  publisher={Elsevier}
}





@article{caselles1993geometric,
  title={A geometric model for active contours in image processing},
  author={Caselles, Vicent and Catt{\'e}, Francine and Coll, Tomeu and Dibos, Fran{\c{c}}oise},
  journal={Numerische mathematik},
  volume={66},
  number={1},
  pages={1--31},
  year={1993},
  publisher={Springer}
}

@article{caselles1997geodesic,
  title={Geodesic active contours},
  author={Caselles, Vicent and Kimmel, Ron and Sapiro, Guillermo},
  journal={International journal of computer vision},
  volume={22},
  number={1},
  pages={61--79},
  year={1997},
  publisher={Springer}
}

@inproceedings{paragios2001gradient,
  title={Gradient vector flow fast geodesic active contours},
  author={Paragios, Nikos and Mellina-Gottardo, Olivier and Ramesh, Visvanathan},
  booktitle={Computer Vision, 2001. ICCV 2001. Proceedings. Eighth IEEE International Conference on},
  volume={1},
  pages={67--73},
  year={2001},
  organization={IEEE}
}
@article{chen2011noisy,
  title={Noisy image segmentation based on wavelet transform and active contour model},
  author={Chen, Bo and Chen, Wen-Sheng},
  journal={Applicable Analysis},
  volume={90},
  number={8},
  pages={1243--1255},
  year={2011},
  publisher={Taylor \& Francis}
}
@article{chan2001active,
  title={Active contours without edges},
  author={Chan, Tony F and Vese, Luminita A},
  journal={IEEE Transactions on image processing},
  volume={10},
  number={2},
  pages={266--277},
  year={2001},
  publisher={IEEE}
}
@article{ali2018segmentation,
  title={Segmentation Model for Noisy and Intensity Inhomogeneity Images via Logarithmic Density Function},
  author={Ali, S and Dayyan, B},
  journal={J Appl Computat Math},
  volume={7},
  number={388},
  pages={2},
  year={2018}
}
@article{truc2011homogeneity,
  title={Homogeneity-and density distance-driven active contours for medical image segmentation},
  author={Truc, Phan Tran Ho and Kim, Tae-Seong and Lee, Sungyoung and Lee, Young-Koo},
  journal={Computers in biology and medicine},
  volume={41},
  number={5},
  pages={292--301},
  year={2011},
  publisher={Elsevier}
}
@article{zhang2010active,
  title={Active contours with selective local or global segmentation: a new formulation and level set method},
  author={Zhang, Kaihua and Zhang, Lei and Song, Huihui and Zhou, Wengang},
  journal={Image and Vision computing},
  volume={28},
  number={4},
  pages={668--676},
  year={2010},
  publisher={Elsevier}
}
@article{chen2013fast,
  title={A fast region-based segmentation model with Gaussian kernel of fractional order},
  author={Chen, Bo and Zou, Qing-Hua and Chen, Wen-Sheng and Li, Yan},
  journal={Advances in Mathematical Physics},
  volume={2013},
  year={2013},
  publisher={Hindawi}
}
@article{du2017reservoir,
  title={Reservoir computing using dynamic memristors for temporal information processing},
  author={Du, Chao and Cai, Fuxi and Zidan, Mohammed A and Ma, Wen and Lee, Seung Hwan and Lu, Wei D},
  journal={Nature communications},
  volume={8},
  number={1},
  pages={2204},
  year={2017},
  publisher={Nature Publishing Group}
}
@book{hazan2013temporal,
  title={Temporal Classification and Computation Tools Inspired by Biological Neurons},
  author={Hazan, Hananel},
  year={2013},
  publisher={University of Haifa, Faculty of Social Sciences, Department of Computer Science}
}

@inproceedings{wan2013regularization,
  title={Regularization of neural networks using dropconnect},
  author={Wan, Li and Zeiler, Matthew and Zhang, Sixin and Le Cun, Yann and Fergus, Rob},
  booktitle={International conference on machine learning},
  pages={1058--1066},
  year={2013}
}


@article{pan2007image,
  title={Image Segmentation using PDE, Variational, Morphological and Probabilistic Methods},
  author={Pan, Yongsheng},
  year={2007}
}

@phdthesis{gelasca2005full,
  title={Full-reference objective quality metrics for video watermarking, video segmentation and 3D model watermarking},
  author={Gelasca, Elisa Drelie},
  year={2005},
  school={Citeseer}
}

@incollection{jiang2005performance,
  title={Performance evaluation of image segmentation algorithms},
  author={Jiang, Xiaoyi},
  booktitle={Handbook of Pattern Recognition and Computer Vision},
  pages={525--542},
  year={2005},
  publisher={World Scientific}
}
@article{ge2007new,
  title={New benchmark for image segmentation evaluation},
  author={Ge, Feng and Wang, Song and Liu, Tiecheng},
  journal={Journal of Electronic Imaging},
  volume={16},
  number={3},
  pages={033011},
  year={2007},
  publisher={International Society for Optics and Photonics}
}


@article{tai2006image,
  title={Image segmentation by piecewise constant Mumford-Shah model without estimating the constants},
  author={Tai, Xue-Cheng and Yao, Chang-hui},
  journal={Journal of Computational Mathematics},
  pages={435--443},
  year={2006},
  publisher={JSTOR}
}



@article{celik2011multitemporal,
  title={Multitemporal image change detection using undecimated discrete wavelet transform and active contours},
  author={Celik, Turgay and Ma, Kai-Kuang},
  journal={IEEE Transactions on Geoscience and Remote Sensing},
  volume={49},
  number={2},
  pages={706--716},
  year={2011},
  publisher={IEEE}
}

@book{serra1983image,
  title={Image analysis and mathematical morphology},
  author={Serra, Jean},
  year={1983},
  publisher={Academic Press, Inc.}
}

@article{haralick1987image,
  title={Image analysis using mathematical morphology},
  author={Haralick, Robert M and Sternberg, Stanley R and Zhuang, Xinhua},
  journal={IEEE transactions on pattern analysis and machine intelligence},
  number={4},
  pages={532--550},
  year={1987},
  publisher={IEEE}
}

@techreport{maragos1987morphological,
  title={Morphological Filters-Part 1: Their Set-Theoretic Analysis and Relations to Linear Shift-Invariant Filters.},
  author={Maragos, Petros and Schafer, Ronald W},
  year={1987}
}
@article{morphology,
author = { Mary L. Comer,Edward J. Delp},
title = {Morphological operations for color image processing},
journal = {Journal of Electronic Imaging},
volume = {8},
number = {},
pages = {8 - 8 - 11},
year = {1999},
doi = {10.1117/1.482677},
URL = {https://doi.org/10.1117/1.482677},
eprint = {}
}
@article{sternberg1983biomedical,
  title={Biomedical image processing},
  author={Sternberg, Stanley R},
  journal={Computer},
  number={1},
  pages={22--34},
  year={1983},
  publisher={IEEE}
}

@article{wright1990nonlinear,
  title={Nonlinear target enhancement for the hostile nuclear environment},
  author={Wright, CAMERON HG and Delp, EJ and Gallagher, NC},
  journal={IEEE Transactions on Aerospace and Electronic Systems},
  volume={26},
  number={1},
  pages={122--145},
  year={1990},
  publisher={IEEE}
}

@article{darwish1988rule,
  title={A rule based approach for visual pattern inspection},
  author={Darwish, Ahmed M. and Jain, Anil K.},
  journal={IEEE Transactions on Pattern Analysis and Machine Intelligence},
  volume={10},
  number={1},
  pages={56--68},
  year={1988},
  publisher={IEEE}
}

@article{schonfeld1991optimal,
  title={Optimal morphological pattern restoration from noisy binary images},
  author={Schonfeld, Dan and Goutsias, John},
  journal={IEEE Transactions on Pattern Analysis \& Machine Intelligence},
  number={1},
  pages={14--29},
  year={1991},
  publisher={IEEE}
}

@inproceedings{sun1989experiments,
  title={Experiments on image compression using morphological pyramids},
  author={Sun, Fang-Kuo and Maragos, Petros},
  booktitle={Visual Communications and Image Processing IV},
  volume={1199},
  pages={1303--1314},
  year={1989},
  organization={International Society for Optics and Photonics}
}
@article{overturf1995color,
  title={Color image coding using morphological pyramid decomposition},
  author={Overturf, Lori A and Comer, Mary L and Delp, Edward J},
  journal={IEEE Transactions on Image Processing},
  volume={4},
  number={2},
  pages={177--185},
  year={1995},
  publisher={IEEE}
}

@InProceedings{MartinFTM01,
  author = {D. Martin and C. Fowlkes and D. Tal and J. Malik},
  title = {A Database of Human Segmented Natural Images and its
           Application to Evaluating Segmentation Algorithms and
           Measuring Ecological Statistics},
  booktitle = {Proc. 8th Int'l Conf. Computer Vision},
  year = {2001},
  month = {July},
  volume = {2},
  pages = {416--423}
}

@inproceedings{kountouriotis2005multi,
  title={Multi-step forecasting using echo state networks},
  author={Kountouriotis, PA and Obradovic, D and Goh, Su Lee and Mandic, Danilo P},
  booktitle={EUROCON 2005-The International Conference on" Computer as a Tool"},
  volume={2},
  pages={1574--1577},
  year={2005},
  organization={IEEE}
}
@inproceedings{steil2005memory,
  title={Memory in backpropagation-decorrelation O (N) efficient online recurrent learning},
  author={Steil, Jochen J},
  booktitle={International Conference on Artificial Neural Networks},
  pages={649--654},
  year={2005},
  organization={Springer}
}







@article{celik2010multitemporal,
  title={Multitemporal image change detection using undecimated discrete wavelet transform and active contours},
  author={Celik, Turgay and Ma, Kai-Kuang},
  journal={IEEE Transactions on Geoscience and Remote Sensing},
  volume={49},
  number={2},
  pages={706--716},
  year={2010},
  publisher={IEEE}
}

@incollection{le2019recurrent,
  title={Recurrent Level Set Networks for Instance Segmentation},
  author={Le, Thi Hoang Ngan and Luu, Khoa and Savvides, Marios and Quach, Kha Gia and Duong, Chi Nhan},
  booktitle={Pattern Recognition-Selected Methods and Applications},
  year={2019},
  publisher={IntechOpen}
}

@article{chan2000active,
  title={Active contours without edges for vector-valued images},
  author={Chan, Tony F and Sandberg, B Yezrielev and Vese, Luminita A},
  journal={Journal of Visual Communication and Image Representation},
  volume={11},
  number={2},
  pages={130--141},
  year={2000},
  publisher={Elsevier}
}

@article{vese2002multiphase,
  title={A multiphase level set framework for image segmentation using the Mumford and Shah model},
  author={Vese, Luminita A and Chan, Tony F},
  journal={International journal of computer vision},
  volume={50},
  number={3},
  pages={271--293},
  year={2002},
  publisher={Springer}
}

@Article{amfm_pami2011,
 author = {Arbelaez, Pablo and Maire, Michael and Fowlkes, Charless and Malik, Jitendra},
 title = {Contour Detection and Hierarchical Image Segmentation},
 journal = {IEEE Trans. Pattern Anal. Mach. Intell.},
 issue_date = {May 2011},
 volume = {33},
 number = {5},
 month = may,
 year = {2011},
 issn = {0162-8828},
 pages = {898--916},
 numpages = {19},
 url = {http://dx.doi.org/10.1109/TPAMI.2010.161},
 doi = {10.1109/TPAMI.2010.161},
 acmid = {1963088},
 publisher = {IEEE Computer Society},
 address = {Washington, DC, USA},
 keywords = {Contour detection, image segmentation, computer vision.},
} 



@article{DBLP:journals/corr/LinMBHPRDZ14,
  author    = {Tsung{-}Yi Lin and
               Michael Maire and
               Serge J. Belongie and
               Lubomir D. Bourdev and
               Ross B. Girshick and
               James Hays and
               Pietro Perona and
               Deva Ramanan and
               Piotr Doll{\'{a}}r and
               C. Lawrence Zitnick},
  title     = {Microsoft {COCO:} Common Objects in Context},
  journal   = {CoRR},
  volume    = {abs/1405.0312},
  year      = {2014},
  url       = {http://arxiv.org/abs/1405.0312},
  archivePrefix = {arXiv},
  eprint    = {1405.0312},
  timestamp = {Mon, 13 Aug 2018 16:48:13 +0200},
  biburl    = {https://dblp.org/rec/bib/journals/corr/LinMBHPRDZ14},
  bibsource = {dblp computer science bibliography, https://dblp.org}
}

@book{mnih2013machine,
  title={Machine learning for aerial image labeling},
  author={Mnih, Volodymyr},
  year={2013},
  publisher={Citeseer}
}

@inproceedings{rahman2016optimizing,
  title={Optimizing intersection-over-union in deep neural networks for image segmentation},
  author={Rahman, Md Atiqur and Wang, Yang},
  booktitle={International symposium on visual computing},
  pages={234--244},
  year={2016},
  organization={Springer}
}

@inproceedings{ren2015faster,
  title={Faster r-cnn: Towards real-time object detection with region proposal networks},
  author={Ren, Shaoqing and He, Kaiming and Girshick, Ross and Sun, Jian},
  booktitle={Advances in neural information processing systems},
  pages={91--99},
  year={2015}
}

@inproceedings{pascanu2013difficulty,
  title={On the difficulty of training recurrent neural networks},
  author={Pascanu, Razvan and Mikolov, Tomas and Bengio, Yoshua},
  booktitle={International conference on machine learning},
  pages={1310--1318},
  year={2013}
}

@incollection{graves2012supervised,
  title={Supervised sequence labelling},
  author={Graves, Alex},
  booktitle={Supervised sequence labelling with recurrent neural networks},
  pages={5--13},
  year={2012},
  publisher={Springer}
}



@inproceedings{xingjian2015convolutional,
  title={Convolutional LSTM network: A machine learning approach for precipitation nowcasting},
  author={Xingjian, SHI and Chen, Zhourong and Wang, Hao and Yeung, Dit-Yan and Wong, Wai-Kin and Woo, Wang-chun},
  booktitle={Advances in neural information processing systems},
  pages={802--810},
  year={2015}
}

@article{hornik1989multilayer,
  title={Multilayer feedforward networks are universal approximators.},
  author={Hornik, Kurt and Stinchcombe, Maxwell and White, Halbert and others},
  journal={Neural networks},
  volume={2},
  number={5},
  pages={359--366},
  year={1989}
}

@article{leshno1993multilayer,
  title={Multilayer feedforward networks with a nonpolynomial activation function can approximate any function},
  author={Leshno, Moshe and Lin, Vladimir Ya and Pinkus, Allan and Schocken, Shimon},
  journal={Neural networks},
  volume={6},
  number={6},
  pages={861--867},
  year={1993},
  publisher={Elsevier}
}

@article{bellman1966dynamic,
  title={Dynamic programming},
  author={Bellman, Richard},
  journal={Science},
  volume={153},
  number={3731},
  pages={34--37},
  year={1966},
  publisher={American Association for the Advancement of Science}
}

@article{sirignano2018dgm,
  title={DGM: A deep learning algorithm for solving partial differential equations},
  author={Sirignano, Justin and Spiliopoulos, Konstantinos},
  journal={Journal of Computational Physics},
  volume={375},
  pages={1339--1364},
  year={2018},
  publisher={Elsevier}
  }
@inproceedings{tompson2017accelerating,
  title={Accelerating eulerian fluid simulation with convolutional networks},
  author={Tompson, Jonathan and Schlachter, Kristofer and Sprechmann, Pablo and Perlin, Ken},
  booktitle={Proceedings of the 34th International Conference on Machine Learning-Volume 70},
  pages={3424--3433},
  year={2017},
  organization={JMLR. org}
}

@phdthesis{ovsyannikov2013further,
  title={Further development of Level Set method: modified level set equation and its numerical assessment},
  school={Ecole Centrale de Lyon},
  author={Ovsyannikov, Andrey},
  year={2013}
}

@article{bahdanau2014neural,
  title={Neural machine translation by jointly learning to align and translate},
  author={Bahdanau, Dzmitry and Cho, Kyunghyun and Bengio, Yoshua},
  journal={arXiv preprint arXiv:1409.0473},
  year={2014}
}


@inproceedings{AlpertGBB07,
   author = {"Sharon Alpert and Meirav Galun and Ronen Basri and Achi Brandt"},
   title = {"Image Segmentation by Probabilistic Bottom-Up Aggregation and Cue                             Integration."},
   booktitle = {"Proceedings of the IEEE Conference on Computer Vision and Pattern                                 Recognition"},
   month = {"June"},
   year = {"2007"}
} 

@article{krizhevsky2009learning,
  title={Learning multiple layers of features from tiny images},
  author={Krizhevsky, Alex and Hinton, Geoffrey and others},
  journal={Master's thesis, Department of Computer Science, University of Toronto},
  year={2009},
  publisher={Citeseer}
}

@article{jaeger2007optimization,
  title={Optimization and applications of echo state networks with leaky-integrator neurons},
  author={Jaeger, Herbert and Luko{\v{s}}evi{\v{c}}ius, Mantas and Popovici, Dan and Siewert, Udo},
  journal={Neural networks},
  volume={20},
  number={3},
  pages={335--352},
  year={2007},
  publisher={Elsevier}
}



@incollection{paszke2017automatic,
title = {PyTorch: An Imperative Style, High-Performance Deep Learning Library},
author = {Paszke, Adam and Gross, Sam and Massa, Francisco and Lerer, Adam and Bradbury, James and Chanan, Gregory and Killeen, Trevor and Lin, Zeming and Gimelshein, Natalia and Antiga, Luca and Desmaison, Alban and Kopf, Andreas and Yang, Edward and DeVito, Zachary and Raison, Martin and Tejani, Alykhan and Chilamkurthy, Sasank and Steiner, Benoit and Fang, Lu and Bai, Junjie and Chintala, Soumith},
booktitle = {Advances in Neural Information Processing Systems 32},
editor = {H. Wallach and H. Larochelle and A. Beygelzimer and F. d\textquotesingle Alch\'{e}-Buc and E. Fox and R. Garnett},
pages = {8024--8035},
year = {2019},
publisher = {Curran Associates, Inc.},
url = {http://papers.neurips.cc/paper/9015-pytorch-an-imperative-style-high-performance-deep-learning-library.pdf}
}

@article{wilson2003general,
  title={The general inefficiency of batch training for gradient descent learning},
  author={Wilson, D Randall and Martinez, Tony R},
  journal={Neural networks},
  volume={16},
  number={10},
  pages={1429--1451},
  year={2003},
  publisher={Elsevier}
}

@article{smith2017don,
  title={Don't decay the learning rate, increase the batch size},
  author={Smith, Samuel L and Kindermans, Pieter-Jan and Ying, Chris and Le, Quoc V},
  journal={arXiv preprint arXiv:1711.00489},
  year={2017}
}

@article{keskar2016large,
  title={On large-batch training for deep learning: Generalization gap and sharp minima},
  author={Keskar, Nitish Shirish and Mudigere, Dheevatsa and Nocedal, Jorge and Smelyanskiy, Mikhail and Tang, Ping Tak Peter},
  journal={arXiv preprint arXiv:1609.04836},
  year={2016}
}

@book{MATLAB2010,
year = {2010},
author = {MATLAB},
title = {version 7.10.0 (R2010a)},
publisher = {The MathWorks Inc.},
address = {Natick, Massachusetts}
} 

@inproceedings{akal2019learning,
  title={Learning Chan-Vese},
  author={Akal, Orhan and Barbu, Adrian},
  booktitle={2019 IEEE International Conference on Image Processing (ICIP)},
  pages={1590--1594},
  year={2019},
  organization={IEEE}
  
}

@article{garrido2015image,
  title={Image segmentation with cage active contours},
  author={Garrido, Lluis and Guerrieri, Marit{\'e} and Igual, Laura},
  journal={IEEE Transactions on Image Processing},
  volume={24},
  number={12},
  pages={5557--5566},
  year={2015},
  publisher={IEEE}
}

@book{jaeger2002tutorial,
  title={Tutorial on training recurrent neural networks, covering BPPT, RTRL, EKF and the" echo state network" approach},
  author={Jaeger, Herbert},
  volume={5},
  year={2002},
  publisher={GMD-Forschungszentrum Informationstechnik Bonn}
}
@book{goodfellow2016deep,
  title={Deep learning},
  author={Goodfellow, Ian and Bengio, Yoshua and Courville, Aaron and Bengio, Yoshua},
  volume={1},
  year={2016},
  publisher={MIT press Cambridge}
}


@article{lu2017reservoir,
  title={Reservoir observers: Model-free inference of unmeasured variables in chaotic systems},
  author={Lu, Zhixin and Pathak, Jaideep and Hunt, Brian and Girvan, Michelle and Brockett, Roger and Ott, Edward},
  journal={Chaos: An Interdisciplinary Journal of Nonlinear Science},
  volume={27},
  pages={041102},
  year={2017},
  publisher={AIP Publishing LLC}
}


@article{upadhyay2017survey,
  title={Survey on Various Image Segmentation Techniques},
  author={Upadhyay, Pooja R and Kumar, Mr Shashwat},
  year={2017}
}


@article{ji20123d,
  title={3D convolutional neural networks for human action recognition},
  author={Ji, Shuiwang and Xu, Wei and Yang, Ming and Yu, Kai},
  journal={IEEE transactions on pattern analysis and machine intelligence},
  volume={35},
  number={1},
  pages={221--231},
  year={2012},
  publisher={IEEE}
}

@inproceedings{wang2016cnn,
  title={Cnn-rnn: A unified framework for multi-label image classification},
  author={Wang, Jiang and Yang, Yi and Mao, Junhua and Huang, Zhiheng and Huang, Chang and Xu, Wei},
  booktitle={Proceedings of the IEEE conference on computer vision and pattern recognition},
  pages={2285--2294},
  year={2016}
}

@inproceedings{tran2015learning,
  title={Learning spatiotemporal features with 3d convolutional networks},
  author={Tran, Du and Bourdev, Lubomir and Fergus, Rob and Torresani, Lorenzo and Paluri, Manohar},
  booktitle={Proceedings of the IEEE international conference on computer vision},
  pages={4489--4497},
  year={2015}
}

@article{you2019does,
  title={How does learning rate decay help modern neural networks?},
  author={You, Kaichao and Long, Mingsheng and Wang, Jianmin and Jordan, Michael I},
  journal={arXiv preprint arXiv:1908.01878},
  year={2019}
}

@article{hinton2012improving,
  title={Improving neural networks by preventing co-adaptation of feature detectors},
  author={Hinton, Geoffrey E and Srivastava, Nitish and Krizhevsky, Alex and Sutskever, Ilya and Salakhutdinov, Ruslan R},
  journal={arXiv preprint arXiv:1207.0580},
  year={2012}
}

@article{sigut2015over,
  title={Over-and under-segmentation evaluation based on the segmentation covering measure},
  author={Sigut, Jose and Fumero, Francisco and Nu{\~n}ez, Omar},
  year={2015},
  publisher={V{\'a}clav Skala-UNION Agency}
}


@article{troya2015unsupervised,
  title={Unsupervised quantification of under-and over-segmentation for object-based remote sensing image analysis},
  author={Troya-Galvis, Andr{\'e}s and Gan{\c{c}}arski, Pierre and Passat, Nicolas and Berti-Equille, Laure},
  journal={IEEE Journal of Selected Topics in Applied Earth Observations and Remote Sensing},
  volume={8},
  number={5},
  pages={1936--1945},
  year={2015},
  publisher={IEEE}
}


@inproceedings{karpathy2014large,
  title={Large-scale video classification with convolutional neural networks},
  author={Karpathy, Andrej and Toderici, George and Shetty, Sanketh and Leung, Thomas and Sukthankar, Rahul and Fei-Fei, Li},
  booktitle={Proceedings of the IEEE conference on Computer Vision and Pattern Recognition},
  pages={1725--1732},
  year={2014}
}
